Automatically generated by Mendeley Desktop 1.10.1
Any changes to this file will be lost if it is regenerated by Mendeley.

BibTeX export options can be customized via Options -> BibTeX in Mendeley Desktop

@article{Nguyen2007,
author = {Nguyen, Viet and Harati, Ahad and Siegwart, Roland},
doi = {10.1109/IROS.2007.4399512},
file = {:home/mindaugas/Downloads/04399512.pdf:pdf},
isbn = {978-1-4244-0911-2},
journal = {2007 IEEE/RSJ International Conference on Intelligent Robots and Systems},
month = oct,
pages = {658--663},
publisher = {Ieee},
title = {{A lightweight SLAM algorithm using Orthogonal planes for indoor mobile robotics}},
url = {http://ieeexplore.ieee.org/lpdocs/epic03/wrapper.htm?arnumber=4399512},
year = {2007}
}
@article{Vincke2010,
author = {Vincke, Bastien and Elouardi, Abdelhafid and Lambert, Alain},
doi = {10.1109/SII.2010.5708329},
file = {:home/mindaugas/Downloads/Embedded slam.pdf:pdf},
isbn = {978-1-4244-9316-6},
journal = {2010 IEEE/SICE International Symposium on System Integration},
month = dec,
pages = {224--229},
publisher = {Ieee},
title = {{Design and evaluation of an embedded system based SLAM applications}},
url = {http://ieeexplore.ieee.org/lpdocs/epic03/wrapper.htm?arnumber=5708329},
year = {2010}
}
@article{Zureiki2008,
author = {Zureiki, Ayman and Devy, Michel},
doi = {10.1109/ICTTA.2008.4530120},
file = {:home/mindaugas/Downloads/04530120.pdf:pdf},
isbn = {978-1-4244-1751-3},
journal = {2008 3rd International Conference on Information and Communication Technologies: From Theory to Applications},
month = apr,
pages = {1--6},
publisher = {Ieee},
title = {{Appearance-based Data Association for 3D and Multisensory SLAM in Structured Environment}},
url = {http://ieeexplore.ieee.org/lpdocs/epic03/wrapper.htm?arnumber=4530120},
year = {2008}
}
@article{Huang2013,
author = {Huang, Guoquan P. and Mourikis, Anastasios I. and Roumeliotis, Stergios I.},
doi = {10.1109/TRO.2013.2267991},
file = {:home/mindaugas/Downloads/Constrained Kalman slam.pdf:pdf},
issn = {1552-3098},
journal = {IEEE Transactions on Robotics},
month = oct,
number = {5},
pages = {1226--1243},
title = {{A Quadratic-Complexity Observability-Constrained Unscented Kalman Filter for SLAM}},
url = {http://ieeexplore.ieee.org/lpdocs/epic03/wrapper.htm?arnumber=6553094},
volume = {29},
year = {2013}
}
@article{Zikos2011,
author = {Zikos, Nikos and Petridis, Vassilios},
doi = {10.1109/ICRA.2011.5979921},
file = {:home/mindaugas/Downloads/reduced dimensionality FastSLAM.pdf:pdf},
isbn = {978-1-61284-386-5},
journal = {2011 IEEE International Conference on Robotics and Automation},
month = may,
number = {1},
pages = {4074--4079},
publisher = {Ieee},
title = {{L-SLAM: Reduced dimensionality FastSLAM with unknown data association}},
url = {http://ieeexplore.ieee.org/lpdocs/epic03/wrapper.htm?arnumber=5979921},
year = {2011}
}
@article{Achtelik2012,
author = {Achtelik, Markus and Achtelik, Michael and Brunet, Yorick and Chli, Margarita and Chatzichristofis, Savvas and Decotignie, Jean-Dominique and Doth, Klaus-Michael and Fraundorfer, Friedrich and Kneip, Laurent and Gurdan, Daniel and Heng, Lionel and Kosmatopoulos, Elias and Doitsidis, Lefteris and Lee, Gim Hee and Lynen, Simon and Martinelli, Agostino and Meier, Lorenz and Pollefeys, Marc and Piguet, Damien and Renzaglia, Alessandro and Scaramuzza, Davide and Siegwart, Roland and Stumpf, Jan and Tanskanen, Petri and Troiani, Chiara and Weiss, Stephan},
doi = {10.1109/IROS.2012.6386281},
file = {:home/mindaugas/Downloads/06386281.pdf:pdf},
isbn = {978-1-4673-1736-8},
journal = {2012 IEEE/RSJ International Conference on Intelligent Robots and Systems},
month = oct,
pages = {2649--2650},
publisher = {Ieee},
title = {{SFly: Swarm of micro flying robots}},
url = {http://ieeexplore.ieee.org/lpdocs/epic03/wrapper.htm?arnumber=6386281},
year = {2012}
}
@article{Gonzalez2011,
author = {Gonzalez, Aurelien and Codol, Jean-Marie and Devy, Michel},
doi = {10.1109/ICECS.2011.6122362},
file = {:home/mindaugas/Downloads/06122362.pdf:pdf},
isbn = {978-1-4577-1846-5},
journal = {2011 18th IEEE International Conference on Electronics, Circuits, and Systems},
keywords = {switched-capacitor, SC simulator, CAD, parasitic, },
month = dec,
pages = {665--668},
publisher = {Ieee},
title = {{A C-embedded algorithm for real-time monocular SLAM}},
url = {http://ieeexplore.ieee.org/lpdocs/epic03/wrapper.htm?arnumber=6122362},
year = {2011}
}
