%% Cia keliama visa literatura %%

 %%----< Pagrindiniai parametrai >----%%
%@article{bla_bla ==nurodom citatos tipa(knyga, straipsnis...), bla_bla dalis kaip pavadinam citata ir iskviesim pasinaudodami tekste \cite{bla_bla}
%author={vienas and du and trys}, ==nurodom autorius, pilnas vardas ir pavarde kableliu nereikia
%year={metai}, ==publikavimo metai
 %title={pavadinimas}, ==straipsnio pavadinimas
 %journal={sutrumpinimas arba pilnas}, ==priklausomia nuo stiliaus galima naudoti ir pilna, sutrumpinama automatiskai
%volume={xx}, ==zurnalo numeris kuriame publikuota 
 %pages={xx-xy}, ==puslapiai kuriuose yra straipsnio tekstas
%number={xx}, == zurnalo dalis
}

%%-----< Pavyzdys(straipsnis) >-----%%

%@article{Ovsianikov-2007-JTissueEngRegenMed,
  %author={{A. Ovsianikov} and {S. Schlie} and {A. Ngezahayo} and {A. Haverich} and {B.N.
    %Chichkov}},
  %year={2007},
  %title={Two-photon polymerization technique for microfabrication of {CAD}-designed
    %3{D} scaffolds from commercially available photosensitive materials},
  %journal={J. Tissue Eng. Regen. Med.},
  %volume={1},
  %pages={443-449},
 % number={6}
%}

%%-----< Pavyzdys(knyga) >-----%%

%@book{MBass-1995-HanbOpt,
  %author={{M. Bass}},
  %title={Handbook of optics},
 % edition={1st},
  %year={1995},
 % publisher={Optical {S}ociety of {A}merica},
  %pages{1496}
%}

%%---------------------------------------------< Cia prasideda citavimas >-----------------------------------------------------%%

